@article{Beal2015,
  title = {Aggregate Programming for the Internet of Things},
  volume = {48},
  ISSN = {0018-9162},
  url = {http://dx.doi.org/10.1109/MC.2015.261},
  DOI = {10.1109/mc.2015.261},
  number = {9},
  journal = {Computer},
  publisher = {Institute of Electrical and Electronics Engineers (IEEE)},
  author = {Beal,  Jacob and Pianini,  Danilo and Viroli,  Mirko},
  year = {2015},
  month = sep,
  pages = {22–30}
}

@inproceedings{Pianini2017,
  title = {Practical Aggregate Programming with Protelis},
  url = {http://dx.doi.org/10.1109/FAS-W.2017.186},
  DOI = {10.1109/fas-w.2017.186},
  booktitle = {2017 IEEE 2nd International Workshops on Foundations and Applications of Self* Systems (FAS*W)},
  publisher = {IEEE},
  author = {Pianini,  Danilo and Beal,  Jacob and Viroli,  Mirko},
  year = {2017},
  month = sep,
  pages = {391–392}
}

@article{Audrito2019,
  title = {A Higher-Order Calculus of Computational Fields},
  volume = {20},
  ISSN = {1557-945X},
  url = {http://dx.doi.org/10.1145/3285956},
  DOI = {10.1145/3285956},
  number = {1},
  journal = {ACM Transactions on Computational Logic},
  publisher = {Association for Computing Machinery (ACM)},
  author = {Audrito,  Giorgio and Viroli,  Mirko and Damiani,  Ferruccio and Pianini,  Danilo and Beal,  Jacob},
  year = {2019},
  month = jan,
  pages = {1–55}
}

@article{Casadei2023,
  title = {Macroprogramming: Concepts,  State of the Art,  and Opportunities of Macroscopic Behaviour Modelling},
  volume = {55},
  ISSN = {1557-7341},
  url = {http://dx.doi.org/10.1145/3579353},
  DOI = {10.1145/3579353},
  number = {13s},
  journal = {ACM Computing Surveys},
  publisher = {Association for Computing Machinery (ACM)},
  author = {Casadei,  Roberto},
  year = {2023},
  month = jul,
  pages = {1–37}
}

@article{Testa2022,
  title = {Aggregate processes as distributed adaptive services for the Industrial Internet of Things},
  volume = {85},
  ISSN = {1574-1192},
  url = {http://dx.doi.org/10.1016/j.pmcj.2022.101658},
  DOI = {10.1016/j.pmcj.2022.101658},
  journal = {Pervasive and Mobile Computing},
  publisher = {Elsevier BV},
  author = {Testa,  Lorenzo and Audrito,  Giorgio and Damiani,  Ferruccio and Torta,  Gianluca},
  year = {2022},
  month = sep,
  pages = {101658}
}

@article{CasadeiPhDThesis,
  doi = {10.6092/UNIBO/AMSDOTTORATO/9380},
  url = {http://amsdottorato.unibo.it/id/eprint/9380},
  author = {Casadei,  Roberto},
  keywords = {ING-INF/05 Sistemi di elaborazione delle informazioni},
  title = {Engineering Self-Adaptive Collective Processes for Cyber-Physical Ecosystems},
  publisher = {amsdottorato},
  year = {2020}
}

@article{Casadei2021,
  title = {Engineering collective intelligence at the edge with aggregate processes},
  volume = {97},
  ISSN = {0952-1976},
  url = {http://dx.doi.org/10.1016/j.engappai.2020.104081},
  DOI = {10.1016/j.engappai.2020.104081},
  journal = {Engineering Applications of Artificial Intelligence},
  publisher = {Elsevier BV},
  author = {Casadei,  Roberto and Viroli,  Mirko and Audrito,  Giorgio and Pianini,  Danilo and Damiani,  Ferruccio},
  year = {2021},
  month = jan,
  pages = {104081}
}

@article{Viroli2019,
  title = {From distributed coordination to field calculus and aggregate computing},
  volume = {109},
  ISSN = {2352-2208},
  url = {http://dx.doi.org/10.1016/j.jlamp.2019.100486},
  DOI = {10.1016/j.jlamp.2019.100486},
  journal = {Journal of Logical and Algebraic Methods in Programming},
  publisher = {Elsevier BV},
  author = {Viroli,  Mirko and Beal,  Jacob and Damiani,  Ferruccio and Audrito,  Giorgio and Casadei,  Roberto and Pianini,  Danilo},
  year = {2019},
  month = dec,
  pages = {100486}
}

@inbook{Hunt2018,
  title = {Functional Programming in Scala},
  ISBN = {9783319757711},
  url = {http://dx.doi.org/10.1007/978-3-319-75771-1_22},
  DOI = {10.1007/978-3-319-75771-1_22},
  booktitle = {A Beginner’s Guide to Scala,  Object Orientation and Functional Programming},
  publisher = {Springer International Publishing},
  author = {Hunt,  John},
  year = {2018},
  pages = {229–240}
}

@misc{Macroswarm,
  doi = {10.48550/ARXIV.2401.10969},
  url = {https://arxiv.org/abs/2401.10969},
  author = {Aguzzi,  Gianluca and Casadei,  Roberto and Viroli,  Mirko},
  keywords = {Artificial Intelligence (cs.AI),  Logic in Computer Science (cs.LO),  Software Engineering (cs.SE),  FOS: Computer and information sciences,  FOS: Computer and information sciences},
  title = {MacroSwarm: A Field-based Compositional Framework for Swarm Programming},
  publisher = {arXiv},
  year = {2024},
  copyright = {Creative Commons Attribution 4.0 International}
}

@article{Casadei2022,
  title = {ScaFi: A Scala DSL and Toolkit for Aggregate Programming},
  volume = {20},
  ISSN = {2352-7110},
  url = {http://dx.doi.org/10.1016/j.softx.2022.101248},
  DOI = {10.1016/j.softx.2022.101248},
  journal = {SoftwareX},
  publisher = {Elsevier BV},
  author = {Casadei,  Roberto and Viroli,  Mirko and Aguzzi,  Gianluca and Pianini,  Danilo},
  year = {2022},
  month = dec,
  pages = {101248}
}

@misc{robotadvanceUsingEducational,
	author = {Robot Advance},
	title = {{U}sing the educational robot {T}hymio with {P}ython --- robot-advance.com},
	howpublished = {\url{https://www.robot-advance.com/EN/actualite-python-with-thymio-complete-guide-228.htm}},
	year = {},
	note = {[Accessed 01-11-2024]},
}

@misc{pypiTdmclient,
	author = {Mobsya},
	title = {tdmclient --- pypi.org},
	howpublished = {\url{https://pypi.org/project/tdmclient/}},
	year = {},
	note = {[Accessed 07-11-2024]},
}

@misc{wikidotSettingWireless,
	author = {Mobsya},
	title = {{S}etting {W}ireless {T}hymio {N}etwork - {T}hymio \&amp; {A}seba --- aseba.wikidot.com},
	howpublished = {\url{http://aseba.wikidot.com/en:thymiosettingwireless#:~:text=How%20does%20a%20Wireless%20Thymio,it%20(unlike%20e.g.%20Bluetooth).}},
	year = {},
	note = {[Accessed 07-11-2024]},
}

@misc{scafiScaFiAggregate,
	author = {ScaFi},
	title = {{S}ca{F}i {A}ggregate {P}rogramming {T}oolkit - {D}ocs --- scafi.github.io},
	howpublished = {\url{https://scafi.github.io/docs/}},
	year = {},
	note = {[Accessed 07-11-2024]},
}

@misc{mobsyaThymioDevice,
	author = {Mobsya},
	title = {Thymio Device Manager 2014; Aseba 1.7-alpha documentation --- mobsya.github.io},
	howpublished = {\url{https://mobsya.github.io/aseba/thymio-device-manager.html}},
	year = {},
	note = {[Accessed 20-10-2024]},
}

@misc{opencvOpenCVDetection,
  author = {OPenCV},
  title = {OpenCV: Detection of ArUco Markers --- docs.opencv.org},
  howpublished = {\url{https://docs.opencv.org/3.2.0/d5/dae/tutorial_aruco_detection.html}},
  year = {},
  note = {[Accessed 25-10-2024]},
}

@misc{pypiThymiodirect,
  author = {Mobsya},
  title = {thymiodirect --- pypi.org},
  howpublished = {\url{https://pypi.org/project/thymiodirect/}},
  year = {},
  note = {[Accessed 27-10-2024]},
}

@misc{waveshareWAVEROVER,
  author = {Waveshare},
  title = {WAVEROVER Flexible And Expandable 4WD Mobile Robot Chassis, Full Metal Body, Multiple Hosts Support, With Onboard ESP32 Module | WAVEROVER --- waveshare.com},
  howpublished = {\url{https://www.waveshare.com/product/robotics/wave-rover.htm}},
  year = {},
  note = {[Accessed 10-10-2024]},
}

@misc{scalapyInteractingWith,
  author = {ScalaPy},
  title = {Interacting with Python | ScalaPy --- scalapy.dev},
  howpublished = {\url{https://scalapy.dev/docs/interacting-with-python/}},
  year = {},
  note = {[Accessed 25-10-2024]},
}

@misc{uPickle,
	author = {uPickle},
	title = {uPickle 4.0.2 --- com-lihaoyi.github.io},
	howpublished = {\url{https://com-lihaoyi.github.io/upickle/}},
	year = {},
	note = {[Accessed 30-10-2024]},
}

@article{Casadei2021-2,
  title = {A Programming Approach to Collective Autonomy},
  volume = {10},
  ISSN = {2224-2708},
  url = {http://dx.doi.org/10.3390/jsan10020027},
  DOI = {10.3390/jsan10020027},
  number = {2},
  journal = {Journal of Sensor and Actuator Networks},
  publisher = {MDPI AG},
  author = {Casadei,  Roberto and Aguzzi,  Gianluca and Viroli,  Mirko},
  year = {2021},
  month = apr,
  pages = {27}
}

@misc{ProgrammazioneReattiva,
	author = {},
	title = {{C}he cos'è la programmazione reattiva? - {S}piegato --- spiegato.com},
	howpublished = {\url{https://spiegato.com/che-cose-la-programmazione-reattiva}},
	year = {},
	note = {[Accessed 11-11-2024]},
}